@COMMENTARY{lenski2011parteiengesetz,
  author	= {Sophie-Charlotte Lenski},
  title		= {Parteiengesetz und Recht der Kandidatenaufstellung},
  shorttitle	= {PartG},
  titleaddon	= {Handkommentar},
  shorthand	= {Lenski},
  publisher	= {Nomos},
  year		= {2011},
  location	= {Baden-Baden},
  isbn		= {978-3-8329-1393-9}
}
@COMMENTARY{ipsen2008parteiengesetz,
  author	= {Jörn Ipsen},
  title		= {Parteiengesetz},
  shorttitle	= {PartG},
  substitle	= {Gesetz über die politischen Parteien},
  titleaddon	= {Kommentar},
  shorthand	= {Ipsen},
  publisher	= {Beck},
  year		= {2008},
  location	= {München},
  isbn		= {978-3406575310}
}
@COMMENTARY{kersten2007parteiengesetz,
  author	= {Jens Kersten and Stephan Rixen},
  title		= {Parteiengesetz (PartG) und europäisches Parteienrecht},
  shorttitle	= {PartG},
  titleaddon	= {Kommentar},
  shorthand	= {Kersten/Rixen},
  publisher	= {Kohlhammer},
  year		= {2009},
  address	= {Stuttgart},
  isbn		= {978-3-17-019131-0}
}
@COMMENTARY{morlok2013parteiengesetz,
  author	= {Martin Morlok},
  title		= {Parteiengesetz},
  shorttitle	= {PartG},
  shorthand	= {Morlok},
  publisher	= {Nomos},
  edition	= {2},
  year		= {2013},
  address	= {Baden-Baden}
}
@ARTICLE{Loewisch1985,
  title = {Der Ausschluß aus politischen Parteien},
  shorttitle = {Parteiausschluss},
  subtitle = {Eine Studie anhand der Rechtsprechung des Bundesparteigerichts der CDU},
  author = {Manfred Loewisch},
  year = {1985},
  pages = {19 -- 32},
  publisher = {CDU Bundessgeschäftsstelle},
  location = {Bonn},
  url = {http://www.freidok.uni-freiburg.de/volltexte/5169/pdf/Loewisch_Der_Ausschluss_aus_politischen_Parteien.pdf},
  urldate = {2015-04-19}
}
@PHDTHESIS{Risse1985,
  location = {Berlin},
  author = {Johannes Risse},
  isbn = {3428057511},
  school = {Universität Bielefeld},
  year = {1982/83},
  note1 = {Zugl.: Bielefeld, Univ., Diss., 1982/83},
  publisher = {Duncker & Humblot},
  series = {Schriften zum öffentlichen Recht},
  title = {Der Parteiausschluß},
  shorttitle = {Parteiausschluß},
  subtitle = {Voraussetzungen, Verfahren und gerichtliche Überprüfung des Ausschlusses von Mitgliedern aus politischen Parteien},
  volume = {479},
  year1 = {1985}
}
@PHDTHESIS{Rossner2014,
  address = {Baden-Baden},
  author = {Sebastian Roßner},
  isbn = {9783848705269},
  note1 = {Zugl.: Düsseldorf, Univ., Diss., 2010/2011},
  school = {Universität Düsseldorf},
  year = {2010/11},
  publisher = {Nomos},
  series = {Schriften zum Parteienrecht und zur Parteienforschung},
  title = {Parteiausschluss, Parteiordnungsmaßnahmen und innerparteiliche Demokratie},
  subtitle = {Zu Voraussetzungen, Verfahren, Grenzen und Rechtsschutz},
  shorttitle = {Parteiausschluss},
  url = {http://d-nb.info/103844781X/04},
  volume = {45},
  year1 = {2014}
}
@RULING{BSG20130715,
  court = {Bundesschiedsgericht},
  shortcourt = {BSG},
  decisiontype = {Urteil},
  sign = {BSG 2013-07-15},
  date = {2013-07-25},
  gender = {sn},
  url = {http://piraten-bsg.de/#1926183737}
}
@RULING{BSG1614HS,
  court = {Bundesschiedsgericht},
  shortcourt = {BSG},
  decisiontype = {Urteil},
  sign = {BSG 16/14-H S},
  date = {2014-05-22},
  gender = {sn},
  url = {http://piraten-bsg.de/#677993841}
}
@RULING{BSG1415HS,
  court = {Bundesschiedsgericht},
  shortcourt = {BSG},
  decisiontype = {Beschluss},
  sign = {BSG 14/15-H S},
  date = {2015-03-12},
  gender = {sn},
  url = {http://piraten-bsg.de/#1488263988}
}
@RULING{BSG1515HS,
  court = {Bundesschiedsgericht},
  shortcourt = {BSG},
  decisiontype = {Beschluss},
  sign = {BSG 15/15-H S},
  date = {2015-03-19},
  gender = {sn},
  url = {http://piraten-bsg.de/#1063892973}
}
@RULING{BSG1615HS,
  court = {Bundesschiedsgericht},
  shortcourt = {BSG},
  decisiontype = {Beschluss},
  sign = {BSG 16/15-H S},
  date = {2015-04-09},
  gender = {sn},
  url = {http://piraten-bsg.de/#678917362}
}
@RULING{BSG1715HS,
  court = {Bundesschiedsgericht},
  shortcourt = {BSG},
  decisiontype = {Beschluss},
  sign = {BSG 17/15-H S},
  date = {2015-04-09},
  gender = {sn},
  url = {http://piraten-bsg.de/#1873239599}
}
@RULING{BSG3815HS,
  court = {Bundesschiedsgericht},
  shortcourt = {BSG},
  decisiontype = {Beschluss},
  sign = {BSG 38/15-H S},
  date = {2015-07-17},
  gender = {sn},
  url = {http://piraten-bsg.de/#549629106}
}
@RULING{LSGBB147,
  court = {Landesschiedsgericht~Brandenburg},
  shortcourt = {LSG~BB},
  decisiontype = {Urteil},
  sign = {LSG Bbg 14/7},
  date = {2015-04-16},
  gender = {sn},
  url = {https://wiki.piratenbrandenburg.de/images/d/d7/LSG-Bbg-14-7_Beschluss_2015_04_16.pdf}
}
@RULING{LSGBB146,
  court = {Landesschiedsgericht~Brandenburg},
  shortcourt = {LSG~BB},
  decisiontype = {Urteil},
  sign = {LSG Bbg 14/6},
  date = {2015-04-25},
  gender = {sn},
  url = {https://wiki.piratenbrandenburg.de/images/4/4a/LSG-Bbg-14-6_Urteil_2015_04_25.pdf}
}


